<?xml version="1.0" encoding="UTF-8"?><collection xmlns="http://www.loc.gov/MARC21/slim"><record><leader>00834nam--2200277-u-4500</leader><controlfield tag="001">000050302</controlfield><controlfield tag="002">20161230</controlfield><controlfield tag="003">81734</controlfield><controlfield tag="005">20161230201048</controlfield><controlfield tag="008">060522s1000------------r-----000-0-eng-d</controlfield><datafield ind1=" " ind2=" " tag="020"><subfield code="a">3527307494</subfield></datafield><datafield ind1=" " ind2=" " tag="040"><subfield code="a">IFIN-HH</subfield></datafield><datafield ind1=" " ind2=" " tag="041"><subfield code="a">eng</subfield></datafield><datafield ind1=" " ind2=" " tag="080"><subfield code="a">538.9:546:547:544.2(001.2)</subfield></datafield><datafield ind1="1" ind2=" " tag="100"><subfield code="a">Roth, Sigmar</subfield></datafield><datafield ind1="1" ind2="0" tag="245"><subfield code="a">One-Dimensional Metals</subfield><subfield code="b">Conjugated Polymers, Organic Crystals, Carbon Nanotubes</subfield><subfield code="c">Siegmar Roth; David Carroll</subfield></datafield><datafield ind1=" " ind2=" " tag="250"><subfield code="a">Second,completely revised and extended edition</subfield></datafield><datafield ind1=" " ind2=" " tag="260"><subfield code="a">Weinheim</subfield><subfield code="b">Wiley-VCH</subfield><subfield code="c">2004</subfield></datafield><datafield ind1=" " ind2=" " tag="300"><subfield code="a">251 p</subfield></datafield><datafield ind1=" " ind2=" " tag="504"><subfield code="a">Contine Referinte bibliografice si Index</subfield></datafield><datafield ind1=" " ind2="0" tag="650"><subfield code="a">One-dimensional conductors</subfield></datafield><datafield ind1="0" ind2="0" tag="650"><subfield code="a">Conducting polymers</subfield></datafield><datafield ind1="0" ind2=" " tag="650"><subfield code="a">Molecular electronics</subfield></datafield><datafield ind1="1" ind2=" " tag="700"><subfield code="a">Carroll, David</subfield></datafield><datafield ind1=" " ind2=" " tag="852"><subfield code="a">81734</subfield><subfield code="c">001.2</subfield></datafield><datafield ind1=" " ind2=" " tag="CAT"><subfield code="a">Sys</subfield><subfield code="c">20110104</subfield><subfield code="h">160726</subfield></datafield></record></collection>